@article{khodja2021rain2rain,
  author  = {Khodja, Abderraouf and Zheng, Zhonglong and Mo, Jiashuaizi and Zhang, Dawei and Chen, Liyuan},
  journal = {IEEE Access},
  title   = {Rain to Rain: Learning Real Rain Removal Without Ground Truth},
  year    = {2021},
  volume  = {9},
  number  = {},
  pages   = {57325-57337},
  doi     = {10.1109/ACCESS.2021.3072687}
}

@inproceedings{zhou2020awgn,
  title     = {When awgn-based denoiser meets real noises},
  author    = {Zhou, Yuqian and Jiao, Jianbo and Huang, Haibin and Wang, Yang and Wang, Jue and Shi, Honghui and Huang, Thomas},
  booktitle = {Proceedings of the AAAI Conference on Artificial Intelligence},
  volume    = {34},
  number    = {07},
  pages     = {13074--13081},
  year      = {2020}
}

@article{lehtinen2018noise2noise,
  title   = {Noise2noise: Learning image restoration without clean data},
  author  = {Lehtinen, Jaakko and Munkberg, Jacob and Hasselgren, Jon and Laine, Samuli and Karras, Tero and Aittala, Miika and Aila, Timo},
  journal = {arXiv preprint arXiv:1803.04189},
  year    = {2018}
}

@inproceedings{huang2021neighbor2neighbor,
  title     = {Neighbor2Neighbor: Self-Supervised Denoising from Single Noisy Images},
  author    = {Huang, Tao and Li, Songjiang and Jia, Xu and Lu, Huchuan and Liu, Jianzhuang},
  booktitle = {Proceedings of the IEEE/CVF Conference on Computer Vision and Pattern Recognition},
  pages     = {14781--14790},
  year      = {2021}
}

<<<<<<< HEAD
@inproceedings{isola2017image,
  title={Image-to-image translation with conditional adversarial networks},
  author={Isola, Phillip and Zhu, Jun-Yan and Zhou, Tinghui and Efros, Alexei A},
  booktitle={Proceedings of the IEEE conference on computer vision and pattern recognition},
  pages={1125--1134},
  year={2017}
}

@article{shao2021adversarial,
  title={On the adversarial robustness of visual transformers},
  author={Shao, Rulin and Shi, Zhouxing and Yi, Jinfeng and Chen, Pin-Yu and Hsieh, Cho-Jui},
  journal={arXiv preprint arXiv:2103.15670},
  year={2021}
}

@article{dosovitskiy2020image,
  title={An image is worth 16x16 words: Transformers for image recognition at scale},
  author={Dosovitskiy, Alexey and Beyer, Lucas and Kolesnikov, Alexander and Weissenborn, Dirk and Zhai, Xiaohua and Unterthiner, Thomas and Dehghani, Mostafa and Minderer, Matthias and Heigold, Georg and Gelly, Sylvain and others},
  journal={arXiv preprint arXiv:2010.11929},
  year={2020}
}

@article{bhojanapalli2021understanding,
  title={Understanding robustness of transformers for image classification},
  author={Bhojanapalli, Srinadh and Chakrabarti, Ayan and Glasner, Daniel and Li, Daliang and Unterthiner, Thomas and Veit, Andreas},
  journal={arXiv preprint arXiv:2103.14586},
  year={2021}
}

@article{hendrycks2018benchmarking,
  title={Benchmarking neural network robustness to common corruptions and surface variations},
  author={Hendrycks, Dan and Dietterich, Thomas G},
  journal={arXiv preprint arXiv:1807.01697},
  year={2018}
}

@article{geirhos2018imagenet,
  title={ImageNet-trained CNNs are biased towards texture; increasing shape bias improves accuracy and robustness},
  author={Geirhos, Robert and Rubisch, Patricia and Michaelis, Claudio and Bethge, Matthias and Wichmann, Felix A and Brendel, Wieland},
  journal={arXiv preprint arXiv:1811.12231},
  year={2018}
}

@inproceedings{bai2021transformers,
  title={Are Transformers more robust than CNNs?},
  author={Bai, Yutong and Mei, Jieru and Yuille, Alan and Xie, Cihang},
  booktitle={Thirty-Fifth Conference on Neural Information Processing Systems},
  year={2021}
}


=======
@inproceedings{ronneberger2015u,
  title        = {U-net: Convolutional networks for biomedical image segmentation},
  author       = {Ronneberger, Olaf and Fischer, Philipp and Brox, Thomas},
  booktitle    = {International Conference on Medical image computing and computer-assisted intervention},
  pages        = {234--241},
  year         = {2015},
  organization = {Springer}
}

@article{dabov2007image,
  title     = {Image denoising by sparse 3-D transform-domain collaborative filtering},
  author    = {Dabov, Kostadin and Foi, Alessandro and Katkovnik, Vladimir and Egiazarian, Karen},
  journal   = {IEEE Transactions on image processing},
  volume    = {16},
  number    = {8},
  pages     = {2080--2095},
  year      = {2007},
  publisher = {IEEE}
}

@inproceedings{buades2005non,
  title        = {A non-local algorithm for image denoising},
  author       = {Buades, Antoni and Coll, Bartomeu and Morel, J-M},
  booktitle    = {2005 IEEE Computer Society Conference on Computer Vision and Pattern Recognition (CVPR'05)},
  volume       = {2},
  pages        = {60--65},
  year         = {2005},
  organization = {IEEE}
}

@inproceedings{ulyanov2018deep,
  title     = {Deep image prior},
  author    = {Ulyanov, Dmitry and Vedaldi, Andrea and Lempitsky, Victor},
  booktitle = {Proceedings of the IEEE conference on computer vision and pattern recognition},
  pages     = {9446--9454},
  year      = {2018}
}

@inproceedings{quan2020self2self,
  title     = {Self2self with dropout: Learning self-supervised denoising from single image},
  author    = {Quan, Yuhui and Chen, Mingqin and Pang, Tongyao and Ji, Hui},
  booktitle = {Proceedings of the IEEE/CVF Conference on Computer Vision and Pattern Recognition},
  pages     = {1890--1898},
  year      = {2020}
}

@article{xu2020noisy,
  title     = {Noisy-as-clean: learning self-supervised denoising from corrupted image},
  author    = {Xu, Jun and Huang, Yuan and Cheng, Ming-Ming and Liu, Li and Zhu, Fan and Xu, Zhou and Shao, Ling},
  journal   = {IEEE Transactions on Image Processing},
  volume    = {29},
  pages     = {9316--9329},
  year      = {2020},
  publisher = {IEEE}
}

@article{soltanayev2018training,
  title   = {Training deep learning based denoisers without ground truth data},
  author  = {Soltanayev, Shakarim and Chun, Se Young},
  journal = {arXiv preprint arXiv:1803.01314},
  year    = {2018}
}

@article{zhussip2019extending,
  title   = {Extending Stein's unbiased risk estimator to train deep denoisers with correlated pairs of noisy images},
  author  = {Zhussip, Magauiya and Soltanayev, Shakarim and Chun, Se Young},
  journal = {Advances in neural information processing systems},
  volume  = {32},
  pages   = {1465--1475},
  year    = {2019}
}

@inproceedings{cha2019fully,
  title     = {Fully convolutional pixel adaptive image denoiser},
  author    = {Cha, Sungmin and Moon, Taesup},
  booktitle = {Proceedings of the IEEE/CVF International Conference on Computer Vision},
  pages     = {4160--4169},
  year      = {2019}
}
>>>>>>> 19465853a441e20917f65d42f11d51608f9e36a3
